/home/ramon/Zotero-storage/zotero-triturus.bib